<?xml version="1.0" encoding="UTF-8"?><collection xmlns="http://www.loc.gov/MARC21/slim"><record><leader>00532nam--2200193-i-4500</leader><controlfield tag="001">000045533</controlfield><controlfield tag="002">20161230</controlfield><controlfield tag="005">20161230201045</controlfield><controlfield tag="008">060222s1000------------r-----000-0-eng-d</controlfield><datafield ind1=" " ind2=" " tag="020"><subfield code="a">0306410702</subfield></datafield><datafield ind1=" " ind2=" " tag="040"><subfield code="a">IFIN-HH</subfield></datafield><datafield ind1=" " ind2=" " tag="080"><subfield code="a">543.42</subfield></datafield><datafield ind1="1" ind2=" " tag="100"><subfield code="a">Hansma,Paulk</subfield></datafield><datafield ind1="1" ind2="0" tag="245"><subfield code="a">Tunneling spectroscopy</subfield><subfield code="b">Capabilities, applications, and new techniques</subfield><subfield code="c">Paul k. hansma</subfield></datafield><datafield ind1=" " ind2=" " tag="260"><subfield code="a">LONDON</subfield><subfield code="b">Plenum Press</subfield><subfield code="c">1982</subfield></datafield><datafield ind1=" " ind2=" " tag="300"><subfield code="a">XVIII+493P</subfield></datafield><datafield ind1="0" ind2=" " tag="650"><subfield code="a">Tunneling Spectroscopy</subfield></datafield><datafield ind1=" " ind2=" " tag="852"><subfield code="a">72122</subfield><subfield code="c">535.33</subfield></datafield><datafield ind1=" " ind2=" " tag="CAT"><subfield code="a">Sys</subfield><subfield code="c">20101217</subfield><subfield code="h">094921</subfield></datafield></record></collection>